<record><leader>00000cas a22000007a 4500</leader><controlfield tag="001">9671826</controlfield><controlfield tag="008">830706d18911893ohudr ne      0    0ger d</controlfield><datafield ind1=" " ind2=" " tag="010"><subfield code="a">sn 83035291 </subfield></datafield><datafield ind1=" " ind2=" " tag="040"><subfield code="a">NPY</subfield><subfield code="b">eng</subfield><subfield code="c">NPY</subfield><subfield code="d">NPX</subfield><subfield code="d">DLC</subfield><subfield code="d">ONP</subfield><subfield code="d">DLC</subfield><subfield code="d">ONP</subfield><subfield code="d">NYS</subfield><subfield code="d">ONP</subfield><subfield code="d">OCLCQ</subfield><subfield code="d">GBVCP</subfield><subfield code="d">OCLCF</subfield><subfield code="d">OCLCO</subfield></datafield><datafield ind1=" " ind2=" " tag="015"><subfield code="a">012796980</subfield><subfield code="2">dnb</subfield></datafield><datafield ind1=" " ind2=" " tag="015"><subfield code="a">012806102</subfield><subfield code="2">dnb</subfield></datafield><datafield ind1=" " ind2=" " tag="015"><subfield code="a">012806390</subfield><subfield code="2">dnb</subfield></datafield><datafield ind1="7" ind2=" " tag="016"><subfield code="a">525905-8</subfield><subfield code="2">DE-600</subfield></datafield><datafield ind1="7" ind2=" " tag="016"><subfield code="a">526865-5</subfield><subfield code="2">DE-600</subfield></datafield><datafield ind1="7" ind2=" " tag="016"><subfield code="a">526895-3</subfield><subfield code="2">DE-600</subfield></datafield><datafield ind1="7" ind2=" " tag="016"><subfield code="a">012796980</subfield><subfield code="2">de-101</subfield></datafield><datafield ind1="7" ind2=" " tag="016"><subfield code="a">5259058</subfield><subfield code="2">de-600</subfield></datafield><datafield ind1="1" ind2=" " tag="029"><subfield code="a">AU@</subfield><subfield code="b">000025840426</subfield></datafield><datafield ind1="1" ind2=" " tag="029"><subfield code="a">GBVCP</subfield><subfield code="b">167444018</subfield></datafield><datafield ind1=" " ind2=" " tag="042"><subfield code="a">msc</subfield></datafield><datafield ind1="0" ind2=" " tag="130"><subfield code="a">Clevelander Anzeiger und Deutsche Presse (Cleveland, Ohio : Daily)</subfield></datafield><datafield ind1="0" ind2="0" tag="245"><subfield code="a">Clevelander Anzeiger und Deutsche Presse.</subfield></datafield><datafield ind1=" " ind2=" " tag="260"><subfield code="a">Cleveland, [Ohio] :</subfield><subfield code="b">German-American Pub. Co.,</subfield><subfield code="c">1891-1893.</subfield></datafield><datafield ind1=" " ind2=" " tag="300"><subfield code="a">v.</subfield></datafield><datafield ind1=" " ind2=" " tag="310"><subfield code="a">Daily</subfield></datafield><datafield ind1="0" ind2=" " tag="362"><subfield code="a">Jahrg. 21, Nr. 223 (19 Sept. 1891)-Jahrg. 23, Nr. 40 (1 Okt. 1893).</subfield></datafield><datafield ind1=" " ind2=" " tag="546"><subfield code="a">In German.</subfield></datafield><datafield ind1=" " ind2="0" tag="650"><subfield code="a">Germans</subfield><subfield code="z">Ohio</subfield><subfield code="z">Cleveland</subfield><subfield code="v">Newspapers.</subfield></datafield><datafield ind1=" " ind2="0" tag="650"><subfield code="a">German Americans</subfield><subfield code="z">Ohio</subfield><subfield code="z">Cleveland</subfield><subfield code="v">Newspapers.</subfield></datafield><datafield ind1=" " ind2="4" tag="651"><subfield code="a">Cleveland (Ohio)</subfield><subfield code="v">Newspapers.</subfield></datafield><datafield ind1=" " ind2="4" tag="651"><subfield code="a">Cuyahoga County (Ohio)</subfield><subfield code="v">Newspapers.</subfield></datafield><datafield ind1=" " ind2="7" tag="655"><subfield code="a">Newspapers.</subfield><subfield code="2">fast</subfield><subfield code="0">(OCoLC)fst01423814</subfield></datafield><datafield ind1=" " ind2="7" tag="650"><subfield code="a">German Americans.</subfield><subfield code="2">fast</subfield><subfield code="0">(OCoLC)fst00941308</subfield></datafield><datafield ind1=" " ind2="7" tag="650"><subfield code="a">Germans.</subfield><subfield code="2">fast</subfield><subfield code="0">(OCoLC)fst00942100</subfield></datafield><datafield ind1=" " ind2="7" tag="651"><subfield code="a">Ohio</subfield><subfield code="z">Cleveland.</subfield><subfield code="2">fast</subfield><subfield code="0">(OCoLC)fst01205966</subfield></datafield><datafield ind1=" " ind2=" " tag="752"><subfield code="a">United States</subfield><subfield code="b">Ohio</subfield><subfield code="c">Cuyahoga</subfield><subfield code="d">Cleveland.</subfield></datafield><datafield ind1="0" ind2=" " tag="775"><subfield code="t">Clevelander Anzeiger und Deutsche Presse (Cleveland, Ohio : Weekly)</subfield><subfield code="w">(DLC)sn 83035294</subfield></datafield><datafield ind1="0" ind2="4" tag="780"><subfield code="t">Cleveland Anzeiger (Cleveland, Ohio : 1876 : Daily)</subfield><subfield code="w">(DLC)sn 83035290</subfield></datafield><datafield ind1="0" ind2="4" tag="780"><subfield code="t">Deutsche Presse (Cleveland, Ohio)</subfield></datafield><datafield ind1="0" ind2="7" tag="785"><subfield code="t">Wa&#776;chter am Erie (Cleveland, Ohio : Daily)</subfield><subfield code="w">(DLC)sn 83035285</subfield></datafield><datafield ind1="0" ind2="7" tag="785"><subfield code="t">Wa&#776;chter und Anzeiger (Cleveland, Ohio : Daily)</subfield><subfield code="w">(DLC)sn 83035297</subfield></datafield></record>